@book{PJ1987,
  title = {The Implementation of Functional Programming Languages},
  author = {Peyton Jones},
  publisher = {Prentice Hall International (UK) Ltd},
  year = {1987},
  edition = {1.}
}
@article{Hudak89,
  author = "Paul Hudak",
  title = "Conception, evolution, and application of functional programming languages",
  journal = "ACM Computer Surveys",
  publisher = "ACM",
  year = "1989"
}
@inproceedings{PJ2000,
  author = "Peyton Jones",
  title = "Tackling the Awkward Squad: Monadic Input/Output, Concurrency, Exceptions, and Foreign-Language Calls in Haskell",
  booktitle = {Engineering theories of software construction, Marktoberdorf Summer School 2000},
  publisher = {IOS Press},
  year = {2000},
  pages = {47--96}
}
